@Book{Prokop:Algoritmy,
author = "JI\v{R}\'{I} PROKOP",
title = "Algoritmov jazyku C a C++ :praktick\'{y} pr\r{u}vodce ",
publisher = "Brno:Grada Publishing",
year = "2009",

isbn = "978-80-247-2751-6"
}
@Book{Kutis:Simulace,
author = "Vladim\'{i}R Kuti\v{s}",
title = "Z\'{a}klady modelovania a simul\'{a}cie ",
publisher = "Bratislava:STU",
year = "2010",

isbn = "978-80-227-3345-8"
}

@Book{Seda:Voleb,
author = "Roman Chytilek",
title = "Volebn\'{i} syst\'{e}my",
publisher = "Praha:Portal",
year = "2009",

isbn = "978-80-7367-548-6"
}



